
@Article{	  seeley2009,
  author	= {Achard, S. and Salvador, R. and Whitcher, B. and Suckling,
		  J. and Bullmore, E.},
  title		= {{A resilient, low-frequency, small-world human brain
		  functional network with highly connected association
		  cortical hubs}},
  journal	= {J Neurosci},
  year		= {2006},
  volume	= {26},
  pages		= {63}
}

@Article{	  zhou2012,
  title		= {Learning to detect objects in images via a sparse,
		  part-based representation},
  author	= {Agarwal, S. and Awan, A. and Roth, D.},
  journal	= {PAMI},
  volume	= {26},
  number	= {11},
  pages		= {1475},
  year		= {2004}
}

@Article{	  palop2010,
  title		= {Learning to detect objects in images via a sparse,
		  part-based representation},
  author	= {Agarwal, S. and Awan, A. and Roth, D.},
  journal	= {PAMI},
  volume	= {26},
  number	= {11},
  pages		= {1475},
  year		= {2004}
}

@Article{	  bero2011,
  title		= {Learning to detect objects in images via a sparse,
		  part-based representation},
  author	= {Agarwal, S. and Awan, A. and Roth, D.},
  journal	= {PAMI},
  volume	= {26},
  number	= {11},
  pages		= {1475},
  year		= {2004}
}

@Article{	  bougacha2009,
  title		= {Learning to detect objects in images via a sparse,
		  part-based representation},
  author	= {Agarwal, S. and Awan, A. and Roth, D.},
  journal	= {PAMI},
  volume	= {26},
  number	= {11},
  pages		= {1475},
  year		= {2004}
}

@Article{	  akian2011,
  title		= {Learning to detect objects in images via a sparse,
		  part-based representation},
  author	= {Agarwal, S. and Awan, A. and Roth, D.},
  journal	= {PAMI},
  volume	= {26},
  number	= {11},
  pages		= {1475},
  year		= {2004}
}

