@ARTICLE{gorgolewski:2011,
	author = {Gorgolewski,  K.  and others},
	title = {{N}ipype:   {A}   {F}lexible,   {L}ightweight   and   {E}xtensible   {N}euroimaging   {D}ata  {P}rocessing {F}ramework in {P}ython},
	journal = {Front Neuroinform},
	year = {2011},
	volume = {5},
	number = {13},
}

@ARTICLE{oguz:2014,
	author = {Oguz, I.  and others},
	title = {{RATS}:   {R}apid   {A}utomatic   {T}issue   {S}egmentation   in   rodent   brain   {MRI}},
	journal = {J. Neurosci Methods},
	year = {2014},
	volume = {221},
	pages = {175-182},
}

@ARTICLE{yin:2010,
	author = {Yin, Y. and others},
	title = {{LOGISMOS}   -   {L}ayered   {O}ptimal   {G}raph   {I}mage   {S}egmentation   of   {M}ultiple   {O}bjects   and  {S}urfaces: cartilage segmentation in the knee joint},
	journal = {IEEE Trans Med Imaging},
	year = {2010},
}

@ARTICLE{abraham:2014,
	author = {Abraham,   A.  and others},
	title = {Machine   learning   for   neuroimaging   with   scikit-learn},
	journal = {Front Neuroinform},
	year = {2014},
	volume = {8},
	number = {14},
}

@ARTICLE{zerbi:2015,
	author = {Zerbi, V. and others},
	title = {Mapping the {M}ouse {B}rain with {R}s-f{MRI}: {A}n {O}ptimized {P}ipeline for {F}unctional {N}etwork {I}dentification},
	journal = {NeuroImage},
	year = {2015},
	volume = {123},
	pages = {11-21},
}

@ARTICLE{ma:2008,
	author = {Ma, Y. and others},
	title = {In vivo 3D digital atlas database of the adult {C57BL/6J} mouse brain by magnetic resonance microscopy},
	journal = {Front Neuroanat},
	year = {2008},
	volume = {2},
	number = {1},
}

@ARTICLE{sawiak:2009,
	author = {Sawiak, S. J. and others},
	title = {{SPMM}ouse: {A} new toolbox for {SPM} in the animal brain },
	journal = {Proc Int Soc Mag Res Med},
	year = {2009},
	pages = {1086},
}

@Conference{nadkarni:2017,
  author	= {Nadkarni, N. and others},
  title		= {{An MRI anatomical atlas and resting state activity-based functional
parcellation of the brain of the mouse lemur primate (Microcebus murinus)}},
  booktitle	= {SFN},
  year		= {2017},
}
