@article{abraham2014machine,
  title={Machine learning for neuroimaging with scikit-learn},
  author={Abraham, Alexandre and Pedregosa, Fabian and Eickenberg, Michael and Gervais, Philippe and Mueller, Andreas and Kossaifi, Jean and Gramfort, Alexandre and Thirion, Bertrand and Varoquaux, Ga{\"e}l},
  journal={Frontiers in neuroinformatics},
  volume={8},
  pages={14},
  year={2014},
  publisher={Frontiers},
  doi = {10.3389/fninf.2014.00014},
}
@article{ashburner1997multimodal,
  title={Multimodal image coregistration and partitioningâ€”a unified framework},
  author={Ashburner, John and Friston, K},
  journal={NeuroImage},
  volume={6},
  number={3},
  pages={209--217},
  year={1997},
  publisher={Elsevier},
  doi = {10.1006/nimg.1997.0290},
  
}

@article{avants2009advanced,
  title={Advanced normalization tools ({ANTS})},
  author={Avants, Brian B and Tustison, Nick and Song, Gang},
  journal={Insight J},
  volume={2},
  pages={1--35},
  year={2009},
}

@article{boyes2008intensity,
  title={Intensity non-uniformity correction using {N}3 on 3-{T} scanners with multichannel phased array coils},
  author={Boyes, Richard G and Gunter, Jeff L and Frost, Chris and Janke, Andrew L and Yeatman, Thomas and Hill, Derek LG and Bernstein, Matt A and Thompson, Paul M and Weiner, Michael W and Schuff, Norbert and others},
  journal={NeuroImage},
  volume={39},
  number={4},
  pages={1752--1762},
  year={2008},
  publisher={Elsevier},
  doi = {10.1016/j.neuroimage.2007.10.026},
}

@article{chou2011robust,
  title={Robust automatic rodent brain extraction using 3-{D} pulse-coupled neural networks ({PCNN})},
  author={Chou, Nigel and Wu, Jiarong and Bingren, Jordan Bai and Qiu, Anqi and Chuang, Kai-Hsiang},
  journal={IEEE Transactions on Image Processing},
  volume={20},
  number={9},
  pages={2554--2564},
  year={2011},
  publisher={IEEE},
  doi = {10.1109/TIP.2011.2126587},
}


@article{cox1996afni,
  author={Cox, Robert W},
  title={{AFNI}: software for analysis and visualization of functional magnetic resonance neuroimages},
  journal={Computers and Biomedical research},
  volume={29},
  number={3},
  pages={162--173},
  year={1996},
  publisher={Elsevier},
  doi = {10.1006/cbmr.1996.0014},
}

@article{de2019towards,
  title={Towards an efficient segmentation of small rodents brain: a short critical review},
  author={De Feo, Riccardo and Giove, Federico},
  journal={Journal of Neuroscience Methods},
  year={2019},
  volume={323},
  pages={82--89},
  publisher={Elsevier},
  doi = {10.1016/j.jneumeth.2019.05.003},
}

@inproceedings{eichelberg2004ten,
  title={Ten years of medical imaging standardization and prototypical implementation: the {DICOM} standard and the {OFFIS} {DICOM} toolkit ({DCMTK})},
  author={Eichelberg, Marco and Riesmeier, Joerg and Wilkens, Thomas and Hewett, Andrew J and Barth, Andreas and Jensch, Peter},
  booktitle={Medical Imaging 2004: PACS and Imaging Informatics},
  volume={5371},
  pages={57--69},
  year={2004},
  organization={International Society for Optics and Photonics},
}

@unpublished{garin2019resting,
  title={Resting state cerebral networks in mouse lemur primates: from multilevel validation to comparison with humans},
  author={Garin, Clement M and Nadkarni, Nachiket A and Landeau, Brigitte and Chetelat, Gael and Picq, Jean-Luc and Bougacha, Salma and Dhenain, Marc},
  journal={bioRxiv},
  pages={599423},
  year={2019},
  publisher={Cold Spring Harbor Laboratory},
  doi={10.1101/599423},
  note={Preprint},
}

@InProceedings{garin2018resting,
  author = {Garin, Clement M and Nadkarni, Nachiket A and Bougacha, Salma and Picq, Jean-Luc and Pepin, Jeremy and Flament, Julien and Dhenain, Marc},
  title = {Resting state, glu{CEST} and anatomical {MRI} approaches at 11.7{T} for brain aging studies in a non-human primate},
  booktitle = {Joint Annual Meeting ISMRM-ESMRMB 2018},
  year = {2018},
}

@article{gansner2000open,
  title={An open graph visualization system and its applications to software engineering},
  author={Gansner, Emden R and North, Stephen C},
  journal={Software: practice and experience},
  volume={30},
  number={11},
  pages={1203--1233},
  year={2000},
  publisher={Wiley Online Library},
  doi = {10.1002/1097-024X(200009)30:11<1203::AID-SPE338>3.0.CO;2-N
},
}

@article{gorgolewski2011nipype,
  title={Nipype: a flexible, lightweight and extensible neuroimaging data processing framework in python},
  author={Gorgolewski, Krzysztof and Burns, Christopher D and Madison, Cindee and Clark, Dav and Halchenko, Yaroslav O and Waskom, Michael L and Ghosh, Satrajit S},
  journal={Frontiers in neuroinformatics},
  volume={5},
  pages={13},
  year={2011},
  publisher={Frontiers},
  doi	= {10.3389/fninf.2011.00013},
}

@unpublished{grandjean2019common,
  title={Common functional networks in the mouse brain revealed by multi-centre resting-state f{MRI} analysis},
  author={Grandjean, Joanes and Canella, Carola and Anckaerts, Cynthia and Ayranc{\i}, G{\"u}lebru and Bougacha, Salma and Bienert, Thomas and Buehlmann, David and Coletta, Ludovico and Gallino, Daniel and Gass, Natalia and others},
  journal={BioRxiv},
  pages={541060},
  year={2019},
  publisher={Cold Spring Harbor Laboratory},
}

@article{hanke2011neuroscience,
  title={Neuroscience runs on {GNU}/{L}inux},
  author={Hanke, Michael and Halchenko, Yaroslav O},
  journal={Frontiers in Neuroinformatics},
  volume={5},
  pages={8},
  year={2011},
  publisher={Frontiers},
  doi = {10.3389/fninf.2011.00008},
}

@article{hong2015evaluation,
  title={Evaluation of {EPI} distortion correction methods for quantitative {MRI} of the brain at high magnetic field},
  author={Hong, Xin and To, Xuan Vinh and Teh, Irvin and Soh, Jian Rui and Chuang, Kai-Hsiang},
  journal={Magnetic resonance imaging},
  volume={33},
  number={9},
  pages={1098--1105},
  year={2015},
  publisher={Elsevier},
  doi = {10.1016/j.mri.2015.06.010},
}

@article{hunter2007matplotlib,
  title={Matplotlib: A 2{D} graphics environment},
  author={Hunter, John D},
  journal={Computing in science \& engineering},
  volume={9},
  number={3},
  pages={90},
  year={2007},
  publisher={IEEE Computer Society},
  doi = {10.1109/MCSE.2007.55},
}

@unpublished{ioanas2019optimized,
  title={An {O}ptimized {R}egistration {W}orkflow and {S}tandard {G}eometric {S}pace for {S}mall {A}nimal {B}rain {I}maging},
  author={Ioanas, Horea-Ioan and Marks, Markus and Yanik, Mehmet Fatih and Rudin, Markus},
  journal={BioRxiv},
  pages={619650},
  year={2019},
  publisher={Cold Spring Harbor Laboratory},
  note={Preprint}
}

@article{jenkinson2012fsl,
  title={Fsl},
  author={Jenkinson, Mark and Beckmann, Christian F and Behrens, Timothy EJ and Woolrich, Mark W and Smith, Stephen M},
  journal={NeuroImage},
  volume={62},
  number={2},
  pages={782--790},
  year={2012},
  publisher={Elsevier},
  doi = {10.1016/j.neuroimage},
}

@article{kober2008experimental,
  title={Experimental comparison of four {FAIR} arterial spin labeling techniques for quantification of mouse cerebral blood flow at 4.7 {T}},
  author={Kober, Frank and Duhamel, Guillaume and Cozzone, Patrick J},
  journal={NMR in Biomedicine: An International Journal Devoted to the Development and Application of Magnetic Resonance In vivo},
  volume={21},
  number={8},
  pages={781--792},
  year={2008},
  publisher={Wiley Online Library},
  doi = {10.1002/nbm.1253},
}

@article{kovavcevic2005three,
  title={A three-dimensional {MRI} atlas of the mouse brain with estimates of the average and variability},
  author={Kova{\v{c}}evi{\'c}, N and Henderson, JT and Chan, E and Lifshitz, N and Bishop, J and Evans, AC and Henkelman, RM and Chen, XJ},
  journal={Cerebral Cortex},
  volume={15},
  number={5},
  pages={639--645},
  year={2005},
  publisher={Oxford University Press},
  doi = {10.1093/cercor/bhh165},
}

@article{ma2005three,
  title={A three-dimensional digital atlas database of the adult {C57BL/6J} mouse brain by magnetic resonance microscopy},
  author={Ma, Y and Hof, PR and Grant, SC and Blackband, SJ and Bennett, R and Slatest, L and McGuigan, MD and Benveniste, H},
  journal={Neuroscience},
  volume={135},
  number={4},
  pages={1203--1215},
  year={2005},
  publisher={Elsevier},
  doi = {10.1016/j.neuroscience.2005.07.014},
}

@article{ma2008vivo,
  title={In vivo 3{D} digital atlas database of the adult {C57BL}/{6J} mouse brain by magnetic resonance microscopy},
  author={Ma, Yu and Smith, David and Hof, Patrick R and Foerster, Bernd and Hamilton, Scott and Blackband, Stephen J and Yu, Mei and Benveniste, Helene},
  journal={Frontiers in neuroanatomy},
  volume={2},
  pages={1},
  year={2008},
  publisher={Frontiers},
  doi = {10.3389/neuro.05.001.2008},
}

@article{millman2011python,
  title={Python for scientists and engineers},
  author={Millman, K Jarrod and Aivazis, Michael},
  journal={Computing in Science \& Engineering},
  volume={13},
  number={2},
  pages={9--12},
  year={2011},
  publisher={IEEE},
  doi = {10.1109/MCSE.2011.36},
}

@article{muir2008cerebral,
  title={Cerebral blood flow {MRI} in mice using the cardiac-spin-labeling technique},
  author={Muir, Eric R and Shen, Qiang and Duong, Timothy Q},
  journal={Magnetic Resonance in Medicine},
  volume={60},
  number={3},
  pages={744--748},
  year={2008},
  publisher={Wiley Online Library},
  doi = {10.1002/mrm.21721},
}

@article{nadkarni20193d,
  title={A 3{D} population-based brain atlas of the mouse lemur primate with examples of applications in aging studies and comparative anatomy},
  author={Nadkarni, Nachiket A and Bougacha, Salma and Garin, Cl{\'e}ment and Dhenain, Marc and Picq, Jean-Luc},
  journal={NeuroImage},
  volume={185},
  pages={85--95},
  year={2019},
  publisher={Elsevier},
  doi = {10.1016/j.neuroimage.2018.10.010},
}

@misc{nadkarni2018digital,
  title={Digital templates and brain atlas dataset for the mouse lemur primate},
  author={Nadkarni, Nachiket A and Bougacha, Salma and Garin, Cl{\'e}ment and Dhenain, Marc and Picq, Jean-Luc},
  journal={Data in Brief},
  volume={21},
  pages={1178--1185},
  year={2018},
  publisher={Elsevier},
  doi = "10.1016/j.dib.2018.10.067",
  URL = "https://www.sciencedirect.com/science/article/pii/S2352340918312848",
}

@article{oguz2014rats,
  title={{RATS}:   {R}apid   {A}utomatic   {T}issue   {S}egmentation   in   rodent   brain   {MRI}},
  author={Oguz, Ipek and Zhang, Honghai and Rumple, Ashley and Sonka, Milan},
  journal={Journal of Neuroscience Methods},
  volume={221},
  pages={175--182},
  year={2014},
  publisher={Elsevier},
  doi = {10.1016/j.jneumeth.2013.09.021},
}

@book{oliphant2006guide,
  title={A guide to {N}um{P}y},
  author={Oliphant, Travis E},
  volume={1},
  year={2006},
  publisher={Trelgol Publishing USA},
}

@article{pallast2019processing,
  title={Processing pipeline for {A}tlas-based {I}maging {D}ata {A}nalysis of structural and functional mouse brain {MRI} ({AIDA}mri)},
  author={Pallast, Niklas and Diedenhofen, Michael and Blaschke, Stefan and Wieters, Frederique and Wiedermann, Dirk and Hoehn, Mathias and Fink, Gereon Rudolf and Aswendt, Markus},
  journal={Frontiers in Neuroinformatics},
  volume={13},
  pages={42},
  year={2019},
  publisher={Frontiers},
  doi = {10.3389/fninf.2019.00042},
}

@article{pedregosa2011scikit,
  title={Scikit-learn: {M}achine learning in {P}ython},
  author={Pedregosa, Fabian and Varoquaux, Ga{\"e}l and Gramfort, Alexandre and Michel, Vincent and Thirion, Bertrand and Grisel, Olivier and Blondel, Mathieu and Prettenhofer, Peter and Weiss, Ron and Dubourg, Vincent and others},
  journal={Journal of Machine Learning Research},
  volume={12},
  number={Oct},
  pages={2825--2830},
  year={2011},
}

@article{powell2016fully,
  title={Fully-automated $\mu${MRI} morphometric phenotyping of the {T}c1 mouse model of {D}own syndrome},
  author={Powell, Nick M and Modat, Marc and Cardoso, M Jorge and Ma, Da and Holmes, Holly E and Yu, Yichao and Oâ€™Callaghan, James and Cleary, Jon O and Sinclair, Ben and Wiseman, Frances K and others},
  journal={PloS one},
  volume={11},
  number={9},
  pages={e0162974},
  year={2016},
  publisher={Public Library of Science}
}

@inproceedings{sargolzaei2018comparative,
  title={A {C}omparative {S}tudy of {A}utomatic {A}pproaches for {P}reclinical {MRI}-based {B}rain {S}egmentation in the {D}eveloping {R}at},
  author={Sargolzaei, Saman and Cai, Yan and Wolahan, Stephanie M and Gaonkar, Bilwaj and Sargolzaei, Arman and Giza, Christopher C and Harris, Neil G},
  booktitle={2018 40th Annual International Conference of the IEEE Engineering in Medicine and Biology Society (EMBC)},
  pages={652--655},
  year={2018},
  organization={IEEE}
}

@inproceedings{sawiak2009spmmouse,
  title={{SPMM}ouse: {A} new toolbox for {SPM} in the animal brain },
  author={Sawiak, SJ and Wood, NI and Williams, GB and Morton, AJ and Carpenter, TA},
  booktitle={ISMRM 17th Scientific Meeting \& Exhibition, April},
  pages={18--24},
  year={2009}
}

@article{sled1998nonparametric,
  title={A nonparametric method for automatic correction of intensity nonuniformity in {MRI} data},
  author={Sled, John G and Zijdenbos, Alex P and Evans, Alan C},
  journal={IEEE transactions on medical imaging},
  volume={17},
  number={1},
  pages={87--97},
  year={1998},
  publisher={IEEE}
}

@article{tustison2010n4itk,
  title={{N4ITK}: improved {N}3 bias correction},
  author={Tustison, Nicholas J and Avants, Brian B and Cook, Philip A and Zheng, Yuanjie and Egan, Alexander and Yushkevich, Paul A and Gee, James C},
  journal={IEEE transactions on medical imaging},
  volume={29},
  number={6},
  pages={1310},
  year={2010},
  publisher={NIH Public Access}
}

@article{varoquaux2010group,
  title={A group model for stable multi-subject {ICA} on f{MRI} datasets},
  author={Varoquaux, Ga{\"e}l and Sadaghiani, Sepideh and Pinel, Philippe and Kleinschmidt, Andreas and Poline, Jean-Baptiste and Thirion, Bertrand},
  journal={Neuroimage},
  volume={51},
  number={1},
  pages={288--299},
  year={2010},
  publisher={Elsevier}
}


@inproceedings{wood2013rbet,
  title={r{BET}: making {BET} work for rodent brains},
  author={Wood, Tobias C and Lythgoe, David J and Williams, Steven CR},
  booktitle={Proc. Intl. Soc. Mag. Reson. Med},
  volume={21},
  pages={2706},
  year={2013}
}

@ARTICLE{yin2010logimos,
	author = {Yin, Y. and others},
	title = {{LOGISMOS}   -   {L}ayered   {O}ptimal   {G}raph   {I}mage   {S}egmentation   of   {M}ultiple   {O}bjects   and  {S}urfaces: cartilage segmentation in the knee joint},
	journal = {IEEE Trans Med Imaging},
	year = {2010}
}

@ARTICLE{zerbi2015mapping,
	author = {Zerbi, V. and others},
	title = {Mapping the {M}ouse {B}rain with {R}s-f{MRI}: {A}n {O}ptimized {P}ipeline for {F}unctional {N}etwork {I}dentification},
	journal = {NeuroImage},
	year = {2015},
	volume = {123},
	pages = {11-21}
}

