@article{abraham2014machine,
  title={Machine learning for neuroimaging with scikit-learn},
  author={Abraham, Alexandre and Pedregosa, Fabian and Eickenberg, Michael and Gervais, Philippe and Mueller, Andreas and Kossaifi, Jean and Gramfort, Alexandre and Thirion, Bertrand and Varoquaux, Ga{\"e}l},
  journal={Frontiers in neuroinformatics},
  volume={8},
  pages={14},
  year={2014},
  publisher={Frontiers},
}

@article{anderson2018small,
  title={Small Animal Multivariate Brain Analysis (SAMBA)--a High Throughput Pipeline with a Validation Framework},
  author={Anderson, Robert J and Cook, James J and Delpratt, Natalie and Nouls, John C and Gu, Bin and McNamara, James O and Avants, Brian B and Johnson, G Allan and Badea, Alexandra},
  journal={Neuroinformatics},
  pages={1--22},
  year={2018},
  publisher={Springer},
}

@article{ashburner1997multimodal,
  title={Multimodal image coregistration and partitioningâ€”a unified framework},
  author={Ashburner, John and Friston, K},
  journal={Neuroimage},
  volume={6},
  number={3},
  pages={209--217},
  year={1997},
  publisher={Elsevier},
}

@article{avants2009advanced,
  title={Advanced normalization tools ({ANTS})},
  author={Avants, Brian B and Tustison, Nick and Song, Gang},
  journal={Insight J},
  volume={2},
  pages={1--35},
  year={2009},
}

@article{boyes2008intensity,
  title={Intensity non-uniformity correction using {N}3 on 3-{T} scanners with multichannel phased array coils},
  author={Boyes, Richard G and Gunter, Jeff L and Frost, Chris and Janke, Andrew L and Yeatman, Thomas and Hill, Derek LG and Bernstein, Matt A and Thompson, Paul M and Weiner, Michael W and Schuff, Norbert and others},
  journal={Neuroimage},
  volume={39},
  number={4},
  pages={1752--1762},
  year={2008},
  publisher={Elsevier},
}


@unpublished{bru2nii,
  author = {Bru2{N}ii},
  year = 2015,  
  title = {Bruker {P}ara{V}ision to {NIfTI} conversion },
  note = {\url{https://github.com/neurolabusc/Bru2Nii}},
}

@unpublished{bruker2nifti,
    author = {Bruker2nifti},
    year = {2017},  
  title = {Medical image format converter: from raw {B}ruker {P}ara{V}ision to nifti.},
  note = {\url{https://github.com/SebastianoF/bruker2nifti}},
}

@unpublished{chavarrias2016bruker2nifti,
    author = {Bruker2nifti},
    year = 2016,  
  title = {Bruker raw to {N}ifti conversion.},
  note = {\url{https://github.com/CristinaChavarrias/Bruker2nifti}},
}

@article{chou2011robust,
  title={Robust automatic rodent brain extraction using 3-{D} pulse-coupled neural networks ({PCNN})},
  author={Chou, Nigel and Wu, Jiarong and Bingren, Jordan Bai and Qiu, Anqi and Chuang, Kai-Hsiang},
  journal={IEEE Transactions on Image Processing},
  volume={20},
  number={9},
  pages={2554--2564},
  year={2011},
  publisher={IEEE},
}

@article{buitinck2013api,
  title={API design for machine learning software: experiences from the scikit-learn project},
  author={Buitinck, Lars and Louppe, Gilles and Blondel, Mathieu and Pedregosa, Fabian and Mueller, Andreas and Grisel, Olivier and Niculae, Vlad and Prettenhofer, Peter and Gramfort, Alexandre and Grobler, Jaques and others},
  journal={arXiv preprint arXiv:1309.0238},
  year={2013},
}
%  title={AFNI: software for analysis and visualization of functional magnetic resonance neuroimages},

@article{cox1996afni,
  author={Cox, Robert W},
  title={AFNI: software for analysis and visualization of functional magnetic resonance neuroimages},
  journal={Computers and Biomedical research},
  volume={29},
  number={3},
  pages={162--173},
  year={1996},
  publisher={Elsevier},
}

@article{cox2004sort,
  title={A ({S}ort of) new image data format standard: {NI}f{TI}-1: {WE} 150},
  author={Cox, Robert W and Ashburner, John and Breman, Hester and Fissell, Kate and Haselgrove, Christian and Holmes, Colin J and Lancaster, Jack L and Rex, David E and Smith, Stephen M and Woodward, Jeffrey B and others},
  journal={Neuroimage},
  volume={22},
  pages={e1440},
  year={2004},
  publisher={Neuroimage},
}

@article{de2019towards,
  title={Towards an efficient segmentation of small rodents brain: a short critical review},
  author={De Feo, Riccardo and Giove, Federico},
  journal={Journal of Neuroscience Methods},
  year={2019},
  volume={323},
  pages={82--89},
  publisher={Elsevier},
}

@article{delora2016simple,
  title={A simple rapid process for semi-automated brain extraction from magnetic resonance images of the whole mouse head},
  author={Delora, Adam and Gonzales, Aaron and Medina, Christopher S and Mitchell, Adam and Mohed, Abdul Faheem and Jacobs, Russell E and Bearer, Elaine L},
  journal={Journal of neuroscience methods},
  volume={257},
  pages={185--193},
  year={2016},
  publisher={Elsevier},
}

@unpublished{dicomifier,
    author = {Dicomifier},
  title = {Convert data from {B}ruker to {DICOM} and from {DICOM} to {NIfTI}},
  year = {2015},  
  note = {\url{https://github.com/lamyj/dicomifier}},
}

@inproceedings{eichelberg2004ten,
  title={Ten years of medical imaging standardization and prototypical implementation: the {DICOM} standard and the {OFFIS} {DICOM} toolkit ({DCMTK})},
  author={Eichelberg, Marco and Riesmeier, Joerg and Wilkens, Thomas and Hewett, Andrew J and Barth, Andreas and Jensch, Peter},
  booktitle={Medical Imaging 2004: PACS and Imaging Informatics},
  volume={5371},
  pages={57--69},
  year={2004},
  organization={International Society for Optics and Photonics},
}

@article{garin2019resting,
  title={Resting state cerebral networks in mouse lemur primates: from multilevel validation to comparison with humans},
  author={Garin, Clement M and Nadkarni, Nachiket A and Landeau, Brigitte and Chetelat, Gael and Picq, Jean-Luc and Bougacha, Salma and Dhenain, Marc},
  journal={bioRxiv},
  pages={599423},
  year={2019},
  publisher={Cold Spring Harbor Laboratory},
}

@InProceedings{garin2018resting,
  author = {Garin, Clement M and Nadkarni, Nachiket A and Bougacha, Salma and Picq, Jean-Luc and Pepin, Jeremy and Flament, Julien and Dhenain, Marc},
  title = {Resting state, glu{CEST} and anatomical {MRI} approaches at 11.7{T} for brain aging studies in a non-human primate},
  booktitle = {ISMRM 2018},
  year = {2018},
}

@article{gansner2000open,
  title={An open graph visualization system and its applications to software engineering},
  author={Gansner, Emden R and North, Stephen C},
  journal={Software: practice and experience},
  volume={30},
  number={11},
  pages={1203--1233},
  year={2000},
  publisher={Wiley Online Library},
}

@article{gorgolewski2011nipype,
  title={Nipype: a flexible, lightweight and extensible neuroimaging data processing framework in python},
  author={Gorgolewski, Krzysztof and Burns, Christopher D and Madison, Cindee and Clark, Dav and Halchenko, Yaroslav O and Waskom, Michael L and Ghosh, Satrajit S},
  journal={Frontiers in neuroinformatics},
  volume={5},
  pages={13},
  year={2011},
  publisher={Frontiers},
}

@article{grandjean2019common,
  title={Common functional networks in the mouse brain revealed by multi-centre resting-state fMRI analysis},
  author={Grandjean, Joanes and Canella, Carola and Anckaerts, Cynthia and Ayranc{\i}, G{\"u}lebru and Bougacha, Salma and Bienert, Thomas and Buehlmann, David and Coletta, Ludovico and Gallino, Daniel and Gass, Natalia and others},
  journal={BioRxiv},
  pages={541060},
  year={2019},
  publisher={Cold Spring Harbor Laboratory},
}

@article{hong2015evaluation,
  title={Evaluation of EPI distortion correction methods for quantitative MRI of the brain at high magnetic field},
  author={Hong, Xin and To, Xuan Vinh and Teh, Irvin and Soh, Jian Rui and Chuang, Kai-Hsiang},
  journal={Magnetic resonance imaging},
  volume={33},
  number={9},
  pages={1098--1105},
  year={2015},
  publisher={Elsevier},
}

@article{hunter2007matplotlib,
  title={Matplotlib: A 2D graphics environment},
  author={Hunter, John D},
  journal={Computing in science \& engineering},
  volume={9},
  number={3},
  pages={90},
  year={2007},
  publisher={IEEE Computer Society},
}

@article{ioanas2019optimized,
  title={An {O}ptimized {R}egistration {W}orkflow and {S}tandard {G}eometric {S}pace for {S}mall {A}nimal {B}rain {I}maging},
  author={Ioanas, Horea-Ioan and Marks, Markus and Yanik, Mehmet Fatih and Rudin, Markus},
  journal={BioRxiv},
  pages={619650},
  year={2019},
  publisher={Cold Spring Harbor Laboratory},
}

@article{jenkinson2012fsl,
  title={Fsl},
  author={Jenkinson, Mark and Beckmann, Christian F and Behrens, Timothy EJ and Woolrich, Mark W and Smith, Stephen M},
  journal={Neuroimage},
  volume={62},
  number={2},
  pages={782--790},
  year={2012},
  publisher={Elsevier},
}

@unpublished{joblib,
  author = {Joblib},
  year = 2010,  
  title = {Joblib: running {P}ython functions as pipeline jobs},
  note = {\url{https://joblib.readthedocs.io/en/latest/}},
}

@article{kochunov2001regional,
  title={Regional spatial normalization: toward an optimal target},
  author={Kochunov, Peter and Lancaster, Jack L and Thompson, Paul and Woods, Roger and Mazziotta, John and Hardies, Jean and Fox, Peter},
  journal={Journal of computer assisted tomography},
  volume={25},
  number={5},
  pages={805--816},
  year={2001},
  publisher={LWW},
}

@article{kober2008experimental,
  title={Experimental comparison of four {FAIR} arterial spin labeling techniques for quantification of mouse cerebral blood flow at 4.7 {T}},
  author={Kober, Frank and Duhamel, Guillaume and Cozzone, Patrick J},
  journal={NMR in Biomedicine: An International Journal Devoted to the Development and Application of Magnetic Resonance In vivo},
  volume={21},
  number={8},
  pages={781--792},
  year={2008},
  publisher={Wiley Online Library},
}

@article{kovavcevic2005three,
  title={A three-dimensional MRI atlas of the mouse brain with estimates of the average and variability},
  author={Kova{\v{c}}evi{\'c}, N and Henderson, JT and Chan, E and Lifshitz, N and Bishop, J and Evans, AC and Henkelman, RM and Chen, XJ},
  journal={Cerebral cortex},
  volume={15},
  number={5},
  pages={639--645},
  year={2005},
  publisher={Oxford University Press},
}

@article{ma2005three,
  title={A three-dimensional digital atlas database of the adult {C57BL/6J} mouse brain by magnetic resonance microscopy},
  author={Ma, Y and Hof, PR and Grant, SC and Blackband, SJ and Bennett, R and Slatest, L and McGuigan, MD and Benveniste, H},
  journal={Neuroscience},
  volume={135},
  number={4},
  pages={1203--1215},
  year={2005},
  publisher={Elsevier},
}

@article{ma2008vivo,
  title={In vivo 3{D} digital atlas database of the adult {C57BL}/{6J} mouse brain by magnetic resonance microscopy},
  author={Ma, Yu and Smith, David and Hof, Patrick R and Foerster, Bernd and Hamilton, Scott and Blackband, Stephen J and Yu, Mei and Benveniste, Helene},
  journal={Frontiers in neuroanatomy},
  volume={2},
  pages={1},
  year={2008},
  publisher={Frontiers},
}

@article{millman2011python,
  title={Python for scientists and engineers},
  author={Millman, K Jarrod and Aivazis, Michael},
  journal={Computing in Science \& Engineering},
  volume={13},
  number={2},
  pages={9--12},
  year={2011},
  publisher={IEEE},
}

@article{muir2008cerebral,
  title={Cerebral blood flow {MRI} in mice using the cardiac-spin-labeling technique},
  author={Muir, Eric R and Shen, Qiang and Duong, Timothy Q},
  journal={Magnetic resonance in medicine},
  volume={60},
  number={3},
  pages={744--748},
  year={2008},
  publisher={Wiley Online Library},
}

@article{nadkarni20193d,
  title={A 3{D} population-based brain atlas of the mouse lemur primate with examples of applications in aging studies and comparative anatomy},
  author={Nadkarni, Nachiket A and Bougacha, Salma and Garin, Cl{\'e}ment and Dhenain, Marc and Picq, Jean-Luc},
  journal={NeuroImage},
  volume={185},
  pages={85--95},
  year={2019},
  publisher={Elsevier},
}

@misc{nadkarni2018digital,
  title={Digital templates and brain atlas dataset for the mouse lemur primate},
  author={Nadkarni, Nachiket A and Bougacha, Salma and Garin, Cl{\'e}ment and Dhenain, Marc and Picq, Jean-Luc},
  journal={Data in brief},
  volume={21},
  pages={1178--1185},
  year={2018},
  publisher={Elsevier},
}

@inproceedings{nadkarni2017mri,
  author	= {Nadkarni, N. and others},
  title		= {{An {MRI} anatomical atlas and resting state activity-based functional
parcellation of the brain of the mouse lemur primate ({M}icrocebus murinus)}},
  booktitle	= {SFN},
  year		= {2017},
}

@unpublished{nibabel,
    author = {nibabel},
    year = 2017,  
  title = {NiBabel. {A}ccess a cacophony of neuro-imaging file formats},
  note = {\url{https://nipy.org/nibabel/}},
}


@article{oguz2014rats,
  title={{RATS}:   {R}apid   {A}utomatic   {T}issue   {S}egmentation   in   rodent   brain   {MRI}},
  author={Oguz, Ipek and Zhang, Honghai and Rumple, Ashley and Sonka, Milan},
  journal={Journal of neuroscience methods},
  volume={221},
  pages={175--182},
  year={2014},
  publisher={Elsevier},
}

@book{oliphant2006guide,
  title={A guide to NumPy},
  author={Oliphant, Travis E},
  volume={1},
  year={2006},
  publisher={Trelgol Publishing USA},
}
%  URL={https://www.numpy.org/devdocs/contents.html.}

@article{pallast2019processing,
  title={Processing pipeline for Atlas-based Imaging Data Analysis of structural and functional mouse brain MRI (AIDAmri)},
  author={Pallast, Niklas and Diedenhofen, Michael and Blaschke, Stefan and Wieters, Frederique and Wiedermann, Dirk and Hoehn, Mathias and Fink, Gereon Rudolf and Aswendt, Markus},
  journal={Frontiers in Neuroinformatics},
  volume={13},
  pages={42},
  year={2019},
  publisher={Frontiers}
}

@article{pedregosa2011scikit,
  title={Scikit-learn: Machine learning in Python},
  author={Pedregosa, Fabian and Varoquaux, Ga{\"e}l and Gramfort, Alexandre and Michel, Vincent and Thirion, Bertrand and Grisel, Olivier and Blondel, Mathieu and Prettenhofer, Peter and Weiss, Ron and Dubourg, Vincent and others},
  journal={Journal of machine learning research},
  volume={12},
  number={Oct},
  pages={2825--2830},
  year={2011}
}

@article{powell2016fully,
  title={Fully-automated $\mu${MRI} morphometric phenotyping of the {T}c1 mouse model of {D}own syndrome},
  author={Powell, Nick M and Modat, Marc and Cardoso, M Jorge and Ma, Da and Holmes, Holly E and Yu, Yichao and Oâ€™Callaghan, James and Cleary, Jon O and Sinclair, Ben and Wiseman, Frances K and others},
  journal={PloS one},
  volume={11},
  number={9},
  pages={e0162974},
  year={2016},
  publisher={Public Library of Science}
}

@inproceedings{sargolzaei2018comparative,
  title={A Comparative Study of Automatic Approaches for Preclinical MRI-based Brain Segmentation in the Developing Rat},
  author={Sargolzaei, Saman and Cai, Yan and Wolahan, Stephanie M and Gaonkar, Bilwaj and Sargolzaei, Arman and Giza, Christopher C and Harris, Neil G},
  booktitle={2018 40th Annual International Conference of the IEEE Engineering in Medicine and Biology Society (EMBC)},
  pages={652--655},
  year={2018},
  organization={IEEE}
}

@inproceedings{sawiak2009spmmouse,
  title={{SPMM}ouse: {A} new toolbox for {SPM} in the animal brain },
  author={Sawiak, SJ and Wood, NI and Williams, GB and Morton, AJ and Carpenter, TA},
  booktitle={ISMRM 17th Scientific Meeting \& Exhibition, April},
  pages={18--24},
  year={2009}
}

@article{sled1998nonparametric,
  title={A nonparametric method for automatic correction of intensity nonuniformity in MRI data},
  author={Sled, John G and Zijdenbos, Alex P and Evans, Alan C},
  journal={IEEE transactions on medical imaging},
  volume={17},
  number={1},
  pages={87--97},
  year={1998},
  publisher={IEEE}
}

@article{tustison2010n4itk,
  title={N4ITK: improved N3 bias correction},
  author={Tustison, Nicholas J and Avants, Brian B and Cook, Philip A and Zheng, Yuanjie and Egan, Alexander and Yushkevich, Paul A and Gee, James C},
  journal={IEEE transactions on medical imaging},
  volume={29},
  number={6},
  pages={1310},
  year={2010},
  publisher={NIH Public Access}
}

@article{varoquaux2010group,
  title={A group model for stable multi-subject ICA on fMRI datasets},
  author={Varoquaux, Ga{\"e}l and Sadaghiani, Sepideh and Pinel, Philippe and Kleinschmidt, Andreas and Poline, Jean-Baptiste and Thirion, Bertrand},
  journal={Neuroimage},
  volume={51},
  number={1},
  pages={288--299},
  year={2010},
  publisher={Elsevier}
}

@unpublished{varoquaux2010software,
    author = {Varoquaux, Ga{\"e}l},
    year = 2010,  
  title = {Software design for maintainability.},
  note = {\url{http://gael-varoquaux.info/programming/software-design-for-maintainability.html}}
}

@article{veraart2011population,
  title={Population-averaged diffusion tensor imaging atlas of the Sprague Dawley rat brain},
  author={Veraart, Jelle and Leergaard, Trygve B and Antonsen, Bj{\o}rnar T and Van Hecke, Wim and Blockx, Ines and Jeurissen, Ben and Jiang, Yi and Van der Linden, Annemie and Johnson, G Allan and Verhoye, Marleen and others},
  journal={Neuroimage},
  volume={58},
  number={4},
  pages={975--983},
  year={2011},
  publisher={Elsevier}
}

@inproceedings{wood2013rbet,
  title={rBET: making BET work for rodent brains},
  author={Wood, Tobias C and Lythgoe, David J and Williams, Steven CR},
  booktitle={Proc. Intl. Soc. Mag. Reson. Med},
  volume={21},
  pages={2706},
  year={2013}
}

@ARTICLE{yin2010logimos,
	author = {Yin, Y. and others},
	title = {{LOGISMOS}   -   {L}ayered   {O}ptimal   {G}raph   {I}mage   {S}egmentation   of   {M}ultiple   {O}bjects   and  {S}urfaces: cartilage segmentation in the knee joint},
	journal = {IEEE Trans Med Imaging},
	year = {2010}
}


@ARTICLE{zerbi2015mapping,
	author = {Zerbi, V. and others},
	title = {Mapping the {M}ouse {B}rain with {R}s-f{MRI}: {A}n {O}ptimized {P}ipeline for {F}unctional {N}etwork {I}dentification},
	journal = {NeuroImage},
	year = {2015},
	volume = {123},
	pages = {11-21}
}

@book{book,
  author    = {Author Name}, 
  title     = {The title of the work},
  publisher = {The name of the publisher},
  address   = {The city},
  year      = 1993,
}

@incollection{chapter,
  author       = {Bauthor Surname}, 
  title        = {The title of the work},
  editor       = {Editor Name},
  booktitle    = {The title of the book},
  publisher    = {The name of the publisher},
  address      = {The city},
  year         = 2002,
  pages        = {201-213},
}

@InProceedings{conference,
  author = {Cauthor Name and Dauthor Surname and Fauthor LastName},
  title = {The title of the work},
  booktitle = {The title of the conference proceedings},
  year = 1996,
  publisher = {The name of the publisher},
  editor = {Editor Name1 and Editor Name2},
  pages = {41-50},
}

@book{cho,
  author       = {Gauthor Name1}, 
  title        = {The title of the work},
  publisher = {Country code and patent number},
  address      = {Patent Country},
  year = 2013
}

@book{patent,
  author    = {Hauthor Surname1}, 
  title     = {The title of the work},
  publisher = {Patent number},
  address   = {Patent country},
  year      = 2010,
}

% please use misc for datasets
@misc{dataset, 
	author = "Author1 LastName1 and Author2 LastName2 and Author3 LastName3",
	title = "Data Title",
	year = "2011",
	doi = "10.000/55555",
	URL = "http://www.frontiersin.org/",
}
