@ARTICLE{abraham2014machine,
	author = {Abraham,   A.  and others},
	title = {Machine   learning   for   neuroimaging   with   scikit-learn},
	journal = {Front Neuroinform},
	year = {2014},
	volume = {8},
	number = {14},
}

@article{delora2016simple,
  title={A simple rapid process for semi-automated brain extraction from magnetic resonance images of the whole mouse head},
  author={Delora, Adam and Gonzales, Aaron and Medina, Christopher S and Mitchell, Adam and Mohed, Abdul Faheem and Jacobs, Russell E and Bearer, Elaine L},
  journal={Journal of neuroscience methods},
  volume={257},
  pages={185--193},
  year={2016},
  publisher={Elsevier}
}

@ARTICLE{gorgolewski2011nipype,
	author = {Gorgolewski,  K.  and others},
	title = {{N}ipype:   {A}   {F}lexible,   {L}ightweight   and   {E}xtensible   {N}euroimaging   {D}ata  {P}rocessing {F}ramework in {P}ython},
	journal = {Front Neuroinform},
	year = {2011},
	volume = {5},
	number = {13},
}

@article{kober2008experimental,
  title={Experimental comparison of four {FAIR} arterial spin labeling techniques for quantification of mouse cerebral blood flow at 4.7 {T}},
  author={Kober, Frank and Duhamel, Guillaume and Cozzone, Patrick J},
  journal={NMR in Biomedicine: An International Journal Devoted to the Development and Application of Magnetic Resonance In vivo},
  volume={21},
  number={8},
  pages={781--792},
  year={2008},
  publisher={Wiley Online Library}
}

@article{muir2008cerebral,
  title={Cerebral blood flow {MRI} in mice using the cardiac-spin-labeling technique},
  author={Muir, Eric R and Shen, Qiang and Duong, Timothy Q},
  journal={Magnetic resonance in medicine},
  volume={60},
  number={3},
  pages={744--748},
  year={2008},
  publisher={Wiley Online Library}
}

@article{nadkarni20193d,
  title={A 3{D} population-based brain atlas of the mouse lemur primate with examples of applications in aging studies and comparative anatomy},
  author={Nadkarni, Nachiket A and Bougacha, Salma and Garin, Cl{\'e}ment and Dhenain, Marc and Picq, Jean-Luc},
  journal={NeuroImage},
  volume={185},
  pages={85--95},
  year={2019},
  publisher={Elsevier}
}

@misc{nadkarni2018digital,
  title={Digital templates and brain atlas dataset for the mouse lemur primate},
  author={Nadkarni, Nachiket A and Bougacha, Salma and Garin, Cl{\'e}ment and Dhenain, Marc and Picq, Jean-Luc},
  journal={Data in brief},
  volume={21},
  pages={1178--1185},
  year={2018},
  publisher={Elsevier}
}

@article{ma2008vivo,
  title={In vivo 3{D} digital atlas database of the adult {C57BL}/{6J} mouse brain by magnetic resonance microscopy},
  author={Ma, Yu and Smith, David and Hof, Patrick R and Foerster, Bernd and Hamilton, Scott and Blackband, Stephen J and Yu, Mei and Benveniste, Helene},
  journal={Frontiers in neuroanatomy},
  volume={2},
  pages={1},
  year={2008},
  publisher={Frontiers}
}

@inproceedings{nadkarni2017mri,
  author	= {Nadkarni, N. and others},
  title		= {{An {MRI} anatomical atlas and resting state activity-based functional
parcellation of the brain of the mouse lemur primate ({M}icrocebus murinus)}},
  booktitle	= {SFN},
  year		= {2017},
}

@article{oguz2014rats,
  title={{RATS}:   {R}apid   {A}utomatic   {T}issue   {S}egmentation   in   rodent   brain   {MRI}},
  author={Oguz, Ipek and Zhang, Honghai and Rumple, Ashley and Sonka, Milan},
  journal={Journal of neuroscience methods},
  volume={221},
  pages={175--182},
  year={2014},
  publisher={Elsevier}
}

@article{powell2016fully,
  title={Fully-automated $\mu$MRI morphometric phenotyping of the Tc1 mouse model of Down syndrome},
  author={Powell, Nick M and Modat, Marc and Cardoso, M Jorge and Ma, Da and Holmes, Holly E and Yu, Yichao and Oâ€™Callaghan, James and Cleary, Jon O and Sinclair, Ben and Wiseman, Frances K and others},
  journal={PloS one},
  volume={11},
  number={9},
  pages={e0162974},
  year={2016},
  publisher={Public Library of Science}
}

@inproceedings{sawiak2009spmmouse,
  title={{SPMM}ouse: {A} new toolbox for {SPM} in the animal brain },
  author={Sawiak, SJ and Wood, NI and Williams, GB and Morton, AJ and Carpenter, TA},
  booktitle={ISMRM 17th Scientific Meeting \& Exhibition, April},
  pages={18--24},
  year={2009}
}

@article{tustison2010n4itk,
  title={N4ITK: improved N3 bias correction},
  author={Tustison, Nicholas J and Avants, Brian B and Cook, Philip A and Zheng, Yuanjie and Egan, Alexander and Yushkevich, Paul A and Gee, James C},
  journal={IEEE transactions on medical imaging},
  volume={29},
  number={6},
  pages={1310},
  year={2010},
  publisher={NIH Public Access}
}

@article{varoquaux2010group,
  title={A group model for stable multi-subject ICA on fMRI datasets},
  author={Varoquaux, Ga{\"e}l and Sadaghiani, Sepideh and Pinel, Philippe and Kleinschmidt, Andreas and Poline, Jean-Baptiste and Thirion, Bertrand},
  journal={Neuroimage},
  volume={51},
  number={1},
  pages={288--299},
  year={2010},
  publisher={Elsevier}
}

@ARTICLE{yin2010logimos,
	author = {Yin, Y. and others},
	title = {{LOGISMOS}   -   {L}ayered   {O}ptimal   {G}raph   {I}mage   {S}egmentation   of   {M}ultiple   {O}bjects   and  {S}urfaces: cartilage segmentation in the knee joint},
	journal = {IEEE Trans Med Imaging},
	year = {2010},
}


@ARTICLE{zerbi2015mapping,
	author = {Zerbi, V. and others},
	title = {Mapping the {M}ouse {B}rain with {R}s-f{MRI}: {A}n {O}ptimized {P}ipeline for {F}unctional {N}etwork {I}dentification},
	journal = {NeuroImage},
	year = {2015},
	volume = {123},
	pages = {11-21},
}

@book{book,
  author    = {Author Name}, 
  title     = {The title of the work},
  publisher = {The name of the publisher},
  address   = {The city},
  year      = 1993,
}

@incollection{chapter,
  author       = {Bauthor Surname}, 
  title        = {The title of the work},
  editor       = {Editor Name},
  booktitle    = {The title of the book},
  publisher    = {The name of the publisher},
  address      = {The city},
  year         = 2002,
  pages        = {201-213},
}

@InProceedings{conference,
  author = {Cauthor Name and Dauthor Surname and Fauthor LastName},
  title = {The title of the work},
  booktitle = {The title of the conference proceedings},
  year = 1996,
  publisher = {The name of the publisher},
  editor = {Editor Name1 and Editor Name2},
  pages = {41-50},
}

@book{cho,
  author       = {Gauthor Name1}, 
  title        = {The title of the work},
  publisher = {Country code and patent number},
  address      = {Patent Country},
  year = 2013
}

@book{patent,
  author    = {Hauthor Surname1}, 
  title     = {The title of the work},
  publisher = {Patent number},
  address   = {Patent country},
  year      = 2010,
}

% please use misc for datasets
@misc{dataset, 
	author = "Author1 LastName1 and Author2 LastName2 and Author3 LastName3",
	title = "Data Title",
	year = "2011",
	doi = "10.000/55555",
	URL = "http://www.frontiersin.org/",
}